%YAML 1.1
%TAG !u! tag:unity3d.com,2011:
--- !u!1001 &100100000
Prefab:
  m_ObjectHideFlags: 1
  serializedVersion: 2
  m_Modification:
    m_TransformParent: {fileID: 0}
    m_Modifications: []
    m_RemovedComponents: []
  m_ParentPrefab: {fileID: 0}
  m_RootGameObject: {fileID: 1662897147025564}
  m_IsPrefabParent: 1
--- !u!1 &1061050645600682
GameObject:
  m_ObjectHideFlags: 1
  m_PrefabParentObject: {fileID: 0}
  m_PrefabInternal: {fileID: 100100000}
  serializedVersion: 5
  m_Component:
  - component: {fileID: 4628530306557742}
  m_Layer: 0
  m_Name: RigArmRight1
  m_TagString: Untagged
  m_Icon: {fileID: 0}
  m_NavMeshLayer: 0
  m_StaticEditorFlags: 0
  m_IsActive: 1
--- !u!1 &1088821399252980
GameObject:
  m_ObjectHideFlags: 1
  m_PrefabParentObject: {fileID: 0}
  m_PrefabInternal: {fileID: 100100000}
  serializedVersion: 5
  m_Component:
  - component: {fileID: 4457691795966370}
  m_Layer: 0
  m_Name: RigLegRight1
  m_TagString: Untagged
  m_Icon: {fileID: 0}
  m_NavMeshLayer: 0
  m_StaticEditorFlags: 0
  m_IsActive: 1
--- !u!1 &1101154979372816
GameObject:
  m_ObjectHideFlags: 1
  m_PrefabParentObject: {fileID: 0}
  m_PrefabInternal: {fileID: 100100000}
  serializedVersion: 5
  m_Component:
  - component: {fileID: 4384082996672626}
  m_Layer: 0
  m_Name: RigArmLeftFing33
  m_TagString: Untagged
  m_Icon: {fileID: 0}
  m_NavMeshLayer: 0
  m_StaticEditorFlags: 0
  m_IsActive: 1
--- !u!1 &1104082778551438
GameObject:
  m_ObjectHideFlags: 1
  m_PrefabParentObject: {fileID: 0}
  m_PrefabInternal: {fileID: 100100000}
  serializedVersion: 5
  m_Component:
  - component: {fileID: 4431957279173084}
  m_Layer: 0
  m_Name: RigArmLeftFing11
  m_TagString: Untagged
  m_Icon: {fileID: 0}
  m_NavMeshLayer: 0
  m_StaticEditorFlags: 0
  m_IsActive: 1
--- !u!1 &1106632680647204
GameObject:
  m_ObjectHideFlags: 1
  m_PrefabParentObject: {fileID: 0}
  m_PrefabInternal: {fileID: 100100000}
  serializedVersion: 5
  m_Component:
  - component: {fileID: 4211481680138108}
  m_Layer: 0
  m_Name: RigArmRight3
  m_TagString: Untagged
  m_Icon: {fileID: 0}
  m_NavMeshLayer: 0
  m_StaticEditorFlags: 0
  m_IsActive: 1
--- !u!1 &1129705826285186
GameObject:
  m_ObjectHideFlags: 1
  m_PrefabParentObject: {fileID: 0}
  m_PrefabInternal: {fileID: 100100000}
  serializedVersion: 5
  m_Component:
  - component: {fileID: 4521161919177586}
  m_Layer: 0
  m_Name: RigArmRightFing23
  m_TagString: Untagged
  m_Icon: {fileID: 0}
  m_NavMeshLayer: 0
  m_StaticEditorFlags: 0
  m_IsActive: 1
--- !u!1 &1132926331667180
GameObject:
  m_ObjectHideFlags: 1
  m_PrefabParentObject: {fileID: 0}
  m_PrefabInternal: {fileID: 100100000}
  serializedVersion: 5
  m_Component:
  - component: {fileID: 4281901803845948}
  m_Layer: 0
  m_Name: RigArmRightFing11
  m_TagString: Untagged
  m_Icon: {fileID: 0}
  m_NavMeshLayer: 0
  m_StaticEditorFlags: 0
  m_IsActive: 1
--- !u!1 &1148473903030162
GameObject:
  m_ObjectHideFlags: 1
  m_PrefabParentObject: {fileID: 0}
  m_PrefabInternal: {fileID: 100100000}
  serializedVersion: 5
  m_Component:
  - component: {fileID: 4199971681065062}
  m_Layer: 0
  m_Name: RigArmRight2
  m_TagString: Untagged
  m_Icon: {fileID: 0}
  m_NavMeshLayer: 0
  m_StaticEditorFlags: 0
  m_IsActive: 1
--- !u!1 &1150134828111910
GameObject:
  m_ObjectHideFlags: 1
  m_PrefabParentObject: {fileID: 0}
  m_PrefabInternal: {fileID: 100100000}
  serializedVersion: 5
  m_Component:
  - component: {fileID: 4429982403040308}
  m_Layer: 0
  m_Name: RigLeftPistol
  m_TagString: Untagged
  m_Icon: {fileID: 0}
  m_NavMeshLayer: 0
  m_StaticEditorFlags: 0
  m_IsActive: 1
--- !u!1 &1165966748304470
GameObject:
  m_ObjectHideFlags: 1
  m_PrefabParentObject: {fileID: 0}
  m_PrefabInternal: {fileID: 100100000}
  serializedVersion: 5
  m_Component:
  - component: {fileID: 4545748124536968}
  m_Layer: 0
  m_Name: RigArmLeftCollarbone
  m_TagString: Untagged
  m_Icon: {fileID: 0}
  m_NavMeshLayer: 0
  m_StaticEditorFlags: 0
  m_IsActive: 1
--- !u!1 &1172994928425602
GameObject:
  m_ObjectHideFlags: 1
  m_PrefabParentObject: {fileID: 0}
  m_PrefabInternal: {fileID: 100100000}
  serializedVersion: 5
  m_Component:
  - component: {fileID: 4973867337206374}
  m_Layer: 0
  m_Name: RigSpine1
  m_TagString: Untagged
  m_Icon: {fileID: 0}
  m_NavMeshLayer: 0
  m_StaticEditorFlags: 0
  m_IsActive: 1
--- !u!1 &1175687180958228
GameObject:
  m_ObjectHideFlags: 1
  m_PrefabParentObject: {fileID: 0}
  m_PrefabInternal: {fileID: 100100000}
  serializedVersion: 5
  m_Component:
  - component: {fileID: 4804412881194144}
  m_Layer: 0
  m_Name: RigArmLeftFing32
  m_TagString: Untagged
  m_Icon: {fileID: 0}
  m_NavMeshLayer: 0
  m_StaticEditorFlags: 0
  m_IsActive: 1
--- !u!1 &1194793898130856
GameObject:
  m_ObjectHideFlags: 0
  m_PrefabParentObject: {fileID: 0}
  m_PrefabInternal: {fileID: 100100000}
  serializedVersion: 5
  m_Component:
  - component: {fileID: 4571497449580124}
  - component: {fileID: 137838505822049868}
  m_Layer: 0
  m_Name: Soldier
  m_TagString: Untagged
  m_Icon: {fileID: 0}
  m_NavMeshLayer: 0
  m_StaticEditorFlags: 0
  m_IsActive: 1
--- !u!1 &1197350250150758
GameObject:
  m_ObjectHideFlags: 0
  m_PrefabParentObject: {fileID: 0}
  m_PrefabInternal: {fileID: 100100000}
  serializedVersion: 5
  m_Component:
  - component: {fileID: 4458537902396254}
  m_Layer: 0
  m_Name: Rig
  m_TagString: Untagged
  m_Icon: {fileID: 0}
  m_NavMeshLayer: 0
  m_StaticEditorFlags: 0
  m_IsActive: 1
--- !u!1 &1212646394455174
GameObject:
  m_ObjectHideFlags: 1
  m_PrefabParentObject: {fileID: 0}
  m_PrefabInternal: {fileID: 100100000}
  serializedVersion: 5
  m_Component:
  - component: {fileID: 4797768470111020}
  m_Layer: 0
  m_Name: RigSpine3
  m_TagString: Untagged
  m_Icon: {fileID: 0}
  m_NavMeshLayer: 0
  m_StaticEditorFlags: 0
  m_IsActive: 1
--- !u!1 &1213634342013098
GameObject:
  m_ObjectHideFlags: 1
  m_PrefabParentObject: {fileID: 0}
  m_PrefabInternal: {fileID: 100100000}
  serializedVersion: 5
  m_Component:
  - component: {fileID: 4963996768082292}
  m_Layer: 0
  m_Name: RigArmLeft3
  m_TagString: Untagged
  m_Icon: {fileID: 0}
  m_NavMeshLayer: 0
  m_StaticEditorFlags: 0
  m_IsActive: 1
--- !u!1 &1229840213216232
GameObject:
  m_ObjectHideFlags: 1
  m_PrefabParentObject: {fileID: 0}
  m_PrefabInternal: {fileID: 100100000}
  serializedVersion: 5
  m_Component:
  - component: {fileID: 4057938949089026}
  m_Layer: 0
  m_Name: RigNeck
  m_TagString: Untagged
  m_Icon: {fileID: 0}
  m_NavMeshLayer: 0
  m_StaticEditorFlags: 0
  m_IsActive: 1
--- !u!1 &1275256968763804
GameObject:
  m_ObjectHideFlags: 1
  m_PrefabParentObject: {fileID: 0}
  m_PrefabInternal: {fileID: 100100000}
  serializedVersion: 5
  m_Component:
  - component: {fileID: 4403839477983282}
  m_Layer: 0
  m_Name: RigArmLeftFing12
  m_TagString: Untagged
  m_Icon: {fileID: 0}
  m_NavMeshLayer: 0
  m_StaticEditorFlags: 0
  m_IsActive: 1
--- !u!1 &1337412793017046
GameObject:
  m_ObjectHideFlags: 1
  m_PrefabParentObject: {fileID: 0}
  m_PrefabInternal: {fileID: 100100000}
  serializedVersion: 5
  m_Component:
  - component: {fileID: 4190607086769464}
  m_Layer: 0
  m_Name: RigArmRightFing32
  m_TagString: Untagged
  m_Icon: {fileID: 0}
  m_NavMeshLayer: 0
  m_StaticEditorFlags: 0
  m_IsActive: 1
--- !u!1 &1338760752851350
GameObject:
  m_ObjectHideFlags: 1
  m_PrefabParentObject: {fileID: 0}
  m_PrefabInternal: {fileID: 100100000}
  serializedVersion: 5
  m_Component:
  - component: {fileID: 4178871244924584}
  m_Layer: 0
  m_Name: RigArmLeftFing43
  m_TagString: Untagged
  m_Icon: {fileID: 0}
  m_NavMeshLayer: 0
  m_StaticEditorFlags: 0
  m_IsActive: 1
--- !u!1 &1396760971399392
GameObject:
  m_ObjectHideFlags: 1
  m_PrefabParentObject: {fileID: 0}
  m_PrefabInternal: {fileID: 100100000}
  serializedVersion: 5
  m_Component:
  - component: {fileID: 4917895745846138}
  m_Layer: 0
  m_Name: RigArmRightFing21
  m_TagString: Untagged
  m_Icon: {fileID: 0}
  m_NavMeshLayer: 0
  m_StaticEditorFlags: 0
  m_IsActive: 1
--- !u!1 &1448153233542898
GameObject:
  m_ObjectHideFlags: 1
  m_PrefabParentObject: {fileID: 0}
  m_PrefabInternal: {fileID: 100100000}
  serializedVersion: 5
  m_Component:
  - component: {fileID: 4816682813991120}
  m_Layer: 0
  m_Name: RigArmLeftFing22
  m_TagString: Untagged
  m_Icon: {fileID: 0}
  m_NavMeshLayer: 0
  m_StaticEditorFlags: 0
  m_IsActive: 1
--- !u!1 &1476772827280986
GameObject:
  m_ObjectHideFlags: 1
  m_PrefabParentObject: {fileID: 0}
  m_PrefabInternal: {fileID: 100100000}
  serializedVersion: 5
  m_Component:
  - component: {fileID: 4815013756666032}
  m_Layer: 0
  m_Name: RigArmRightFing13
  m_TagString: Untagged
  m_Icon: {fileID: 0}
  m_NavMeshLayer: 0
  m_StaticEditorFlags: 0
  m_IsActive: 1
--- !u!1 &1514226619249216
GameObject:
  m_ObjectHideFlags: 1
  m_PrefabParentObject: {fileID: 0}
  m_PrefabInternal: {fileID: 100100000}
  serializedVersion: 5
  m_Component:
  - component: {fileID: 4815431691203446}
  m_Layer: 0
  m_Name: RigArmRightFing31
  m_TagString: Untagged
  m_Icon: {fileID: 0}
  m_NavMeshLayer: 0
  m_StaticEditorFlags: 0
  m_IsActive: 1
--- !u!1 &1520810228554894
GameObject:
  m_ObjectHideFlags: 1
  m_PrefabParentObject: {fileID: 0}
  m_PrefabInternal: {fileID: 100100000}
  serializedVersion: 5
  m_Component:
  - component: {fileID: 4447874885675424}
  m_Layer: 0
  m_Name: RigArmRightFing42
  m_TagString: Untagged
  m_Icon: {fileID: 0}
  m_NavMeshLayer: 0
  m_StaticEditorFlags: 0
  m_IsActive: 1
--- !u!1 &1522704220253268
GameObject:
  m_ObjectHideFlags: 1
  m_PrefabParentObject: {fileID: 0}
  m_PrefabInternal: {fileID: 100100000}
  serializedVersion: 5
  m_Component:
  - component: {fileID: 4948880044230284}
  m_Layer: 0
  m_Name: RigPistolRight
  m_TagString: Untagged
  m_Icon: {fileID: 0}
  m_NavMeshLayer: 0
  m_StaticEditorFlags: 0
  m_IsActive: 1
--- !u!1 &1533314298706178
GameObject:
  m_ObjectHideFlags: 1
  m_PrefabParentObject: {fileID: 0}
  m_PrefabInternal: {fileID: 100100000}
  serializedVersion: 5
  m_Component:
  - component: {fileID: 4888492907799966}
  m_Layer: 0
  m_Name: RigLegLeft3
  m_TagString: Untagged
  m_Icon: {fileID: 0}
  m_NavMeshLayer: 0
  m_StaticEditorFlags: 0
  m_IsActive: 1
--- !u!1 &1583833361149772
GameObject:
  m_ObjectHideFlags: 1
  m_PrefabParentObject: {fileID: 0}
  m_PrefabInternal: {fileID: 100100000}
  serializedVersion: 5
  m_Component:
  - component: {fileID: 4081466036955880}
  m_Layer: 0
  m_Name: RigLegRight3
  m_TagString: Untagged
  m_Icon: {fileID: 0}
  m_NavMeshLayer: 0
  m_StaticEditorFlags: 0
  m_IsActive: 1
--- !u!1 &1621033659492300
GameObject:
  m_ObjectHideFlags: 1
  m_PrefabParentObject: {fileID: 0}
  m_PrefabInternal: {fileID: 100100000}
  serializedVersion: 5
  m_Component:
  - component: {fileID: 4115557581773370}
  m_Layer: 0
  m_Name: RigArmLeft2
  m_TagString: Untagged
  m_Icon: {fileID: 0}
  m_NavMeshLayer: 0
  m_StaticEditorFlags: 0
  m_IsActive: 1
--- !u!1 &1662897147025564
GameObject:
  m_ObjectHideFlags: 0
  m_PrefabParentObject: {fileID: 0}
  m_PrefabInternal: {fileID: 100100000}
  serializedVersion: 5
  m_Component:
  - component: {fileID: 4089498381241560}
  - component: {fileID: 95591718217077176}
  - component: {fileID: 136165077189831082}
  - component: {fileID: 54782874812966550}
  - component: {fileID: 114239552506424634}
  - component: {fileID: 114128230664343548}
  - component: {fileID: 114154303293778520}
  - component: {fileID: 114121728690988574}
  - component: {fileID: 114753642621928930}
  - component: {fileID: 114818110927785994}
  - component: {fileID: 153847968755107744}
  - component: {fileID: 114780705355240792}
  - component: {fileID: 114541206326673856}
  m_Layer: 0
  m_Name: Player_Soldier
  m_TagString: Untagged
  m_Icon: {fileID: 0}
  m_NavMeshLayer: 0
  m_StaticEditorFlags: 0
  m_IsActive: 1
--- !u!1 &1691963945180504
GameObject:
  m_ObjectHideFlags: 1
  m_PrefabParentObject: {fileID: 0}
  m_PrefabInternal: {fileID: 100100000}
  serializedVersion: 5
  m_Component:
  - component: {fileID: 4992207276289974}
  m_Layer: 0
  m_Name: RigLegRight2
  m_TagString: Untagged
  m_Icon: {fileID: 0}
  m_NavMeshLayer: 0
  m_StaticEditorFlags: 0
  m_IsActive: 1
--- !u!1 &1708863297260858
GameObject:
  m_ObjectHideFlags: 1
  m_PrefabParentObject: {fileID: 0}
  m_PrefabInternal: {fileID: 100100000}
  serializedVersion: 5
  m_Component:
  - component: {fileID: 4789328797390802}
  m_Layer: 0
  m_Name: RigLegLeft2
  m_TagString: Untagged
  m_Icon: {fileID: 0}
  m_NavMeshLayer: 0
  m_StaticEditorFlags: 0
  m_IsActive: 1
--- !u!1 &1715386766570780
GameObject:
  m_ObjectHideFlags: 0
  m_PrefabParentObject: {fileID: 0}
  m_PrefabInternal: {fileID: 100100000}
  serializedVersion: 5
  m_Component:
  - component: {fileID: 4856602305594360}
  m_Layer: 0
  m_Name: RigAss
  m_TagString: Untagged
  m_Icon: {fileID: 0}
  m_NavMeshLayer: 0
  m_StaticEditorFlags: 0
  m_IsActive: 1
--- !u!1 &1767643339853620
GameObject:
  m_ObjectHideFlags: 1
  m_PrefabParentObject: {fileID: 0}
  m_PrefabInternal: {fileID: 100100000}
  serializedVersion: 5
  m_Component:
  - component: {fileID: 4246144357880028}
  m_Layer: 0
  m_Name: RigHead
  m_TagString: Untagged
  m_Icon: {fileID: 0}
  m_NavMeshLayer: 0
  m_StaticEditorFlags: 0
  m_IsActive: 1
--- !u!1 &1771702705457512
GameObject:
  m_ObjectHideFlags: 1
  m_PrefabParentObject: {fileID: 0}
  m_PrefabInternal: {fileID: 100100000}
  serializedVersion: 5
  m_Component:
  - component: {fileID: 4888564800696738}
  m_Layer: 0
  m_Name: RigArmLeftFing42
  m_TagString: Untagged
  m_Icon: {fileID: 0}
  m_NavMeshLayer: 0
  m_StaticEditorFlags: 0
  m_IsActive: 1
--- !u!1 &1781889046173696
GameObject:
  m_ObjectHideFlags: 1
  m_PrefabParentObject: {fileID: 0}
  m_PrefabInternal: {fileID: 100100000}
  serializedVersion: 5
  m_Component:
  - component: {fileID: 4006626346644750}
  m_Layer: 0
  m_Name: RigArmLeftFing31
  m_TagString: Untagged
  m_Icon: {fileID: 0}
  m_NavMeshLayer: 0
  m_StaticEditorFlags: 0
  m_IsActive: 1
--- !u!1 &1837036811471066
GameObject:
  m_ObjectHideFlags: 1
  m_PrefabParentObject: {fileID: 0}
  m_PrefabInternal: {fileID: 100100000}
  serializedVersion: 5
  m_Component:
  - component: {fileID: 4974187180771488}
  m_Layer: 0
  m_Name: RigArmRightFing12
  m_TagString: Untagged
  m_Icon: {fileID: 0}
  m_NavMeshLayer: 0
  m_StaticEditorFlags: 0
  m_IsActive: 1
--- !u!1 &1843311805345228
GameObject:
  m_ObjectHideFlags: 1
  m_PrefabParentObject: {fileID: 0}
  m_PrefabInternal: {fileID: 100100000}
  serializedVersion: 5
  m_Component:
  - component: {fileID: 4841123828122978}
  m_Layer: 0
  m_Name: RigLegLeft1
  m_TagString: Untagged
  m_Icon: {fileID: 0}
  m_NavMeshLayer: 0
  m_StaticEditorFlags: 0
  m_IsActive: 1
--- !u!1 &1858277198511288
GameObject:
  m_ObjectHideFlags: 1
  m_PrefabParentObject: {fileID: 0}
  m_PrefabInternal: {fileID: 100100000}
  serializedVersion: 5
  m_Component:
  - component: {fileID: 4953570369212734}
  m_Layer: 0
  m_Name: RigArmRightFing33
  m_TagString: Untagged
  m_Icon: {fileID: 0}
  m_NavMeshLayer: 0
  m_StaticEditorFlags: 0
  m_IsActive: 1
--- !u!1 &1861161774581598
GameObject:
  m_ObjectHideFlags: 1
  m_PrefabParentObject: {fileID: 0}
  m_PrefabInternal: {fileID: 100100000}
  serializedVersion: 5
  m_Component:
  - component: {fileID: 4324725145147700}
  m_Layer: 0
  m_Name: RigArmLeftFing13
  m_TagString: Untagged
  m_Icon: {fileID: 0}
  m_NavMeshLayer: 0
  m_StaticEditorFlags: 0
  m_IsActive: 1
--- !u!1 &1878352656468638
GameObject:
  m_ObjectHideFlags: 1
  m_PrefabParentObject: {fileID: 0}
  m_PrefabInternal: {fileID: 100100000}
  serializedVersion: 5
  m_Component:
  - component: {fileID: 4704501894329552}
  m_Layer: 0
  m_Name: RigArmRightFing22
  m_TagString: Untagged
  m_Icon: {fileID: 0}
  m_NavMeshLayer: 0
  m_StaticEditorFlags: 0
  m_IsActive: 1
--- !u!1 &1908915884688378
GameObject:
  m_ObjectHideFlags: 1
  m_PrefabParentObject: {fileID: 0}
  m_PrefabInternal: {fileID: 100100000}
  serializedVersion: 5
  m_Component:
  - component: {fileID: 4140493544392030}
  m_Layer: 0
  m_Name: RigArmLeftFing23
  m_TagString: Untagged
  m_Icon: {fileID: 0}
  m_NavMeshLayer: 0
  m_StaticEditorFlags: 0
  m_IsActive: 1
--- !u!1 &1910081339667884
GameObject:
  m_ObjectHideFlags: 1
  m_PrefabParentObject: {fileID: 0}
  m_PrefabInternal: {fileID: 100100000}
  serializedVersion: 5
  m_Component:
  - component: {fileID: 4202226832529306}
  m_Layer: 0
  m_Name: RigArmRightFing41
  m_TagString: Untagged
  m_Icon: {fileID: 0}
  m_NavMeshLayer: 0
  m_StaticEditorFlags: 0
  m_IsActive: 1
--- !u!1 &1930791905900742
GameObject:
  m_ObjectHideFlags: 1
  m_PrefabParentObject: {fileID: 0}
  m_PrefabInternal: {fileID: 100100000}
  serializedVersion: 5
  m_Component:
  - component: {fileID: 4163604414983124}
  m_Layer: 0
  m_Name: RigArmRightFing43
  m_TagString: Untagged
  m_Icon: {fileID: 0}
  m_NavMeshLayer: 0
  m_StaticEditorFlags: 0
  m_IsActive: 1
--- !u!1 &1955814550575080
GameObject:
  m_ObjectHideFlags: 1
  m_PrefabParentObject: {fileID: 0}
  m_PrefabInternal: {fileID: 100100000}
  serializedVersion: 5
  m_Component:
  - component: {fileID: 4530200410645668}
  m_Layer: 0
  m_Name: RigArmLeftFing21
  m_TagString: Untagged
  m_Icon: {fileID: 0}
  m_NavMeshLayer: 0
  m_StaticEditorFlags: 0
  m_IsActive: 1
--- !u!1 &1959691567656958
GameObject:
  m_ObjectHideFlags: 1
  m_PrefabParentObject: {fileID: 0}
  m_PrefabInternal: {fileID: 100100000}
  serializedVersion: 5
  m_Component:
  - component: {fileID: 4887834867128096}
  m_Layer: 0
  m_Name: RigArmLeft1
  m_TagString: Untagged
  m_Icon: {fileID: 0}
  m_NavMeshLayer: 0
  m_StaticEditorFlags: 0
  m_IsActive: 1
--- !u!1 &1968980580900820
GameObject:
  m_ObjectHideFlags: 1
  m_PrefabParentObject: {fileID: 0}
  m_PrefabInternal: {fileID: 100100000}
  serializedVersion: 5
  m_Component:
  - component: {fileID: 4156319818091168}
  m_Layer: 0
  m_Name: RigArmRightCollarbone
  m_TagString: Untagged
  m_Icon: {fileID: 0}
  m_NavMeshLayer: 0
  m_StaticEditorFlags: 0
  m_IsActive: 1
--- !u!1 &1983356605750492
GameObject:
  m_ObjectHideFlags: 1
  m_PrefabParentObject: {fileID: 0}
  m_PrefabInternal: {fileID: 100100000}
  serializedVersion: 5
  m_Component:
  - component: {fileID: 4761643962301282}
  m_Layer: 0
  m_Name: RigArmLeftFing41
  m_TagString: Untagged
  m_Icon: {fileID: 0}
  m_NavMeshLayer: 0
  m_StaticEditorFlags: 0
  m_IsActive: 1
--- !u!1 &1990775454735366
GameObject:
  m_ObjectHideFlags: 1
  m_PrefabParentObject: {fileID: 0}
  m_PrefabInternal: {fileID: 100100000}
  serializedVersion: 5
  m_Component:
  - component: {fileID: 4454703754638820}
  m_Layer: 0
  m_Name: RigSpine2
  m_TagString: Untagged
  m_Icon: {fileID: 0}
  m_NavMeshLayer: 0
  m_StaticEditorFlags: 0
  m_IsActive: 1
--- !u!4 &4006626346644750
Transform:
  m_ObjectHideFlags: 1
  m_PrefabParentObject: {fileID: 0}
  m_PrefabInternal: {fileID: 100100000}
  m_GameObject: {fileID: 1781889046173696}
  m_LocalRotation: {x: 0.0023446134, y: -0.006519284, z: 0.101010054, w: 0.9948613}
  m_LocalPosition: {x: -0.06919817, y: -0.0046246336, z: 0.000000019073486}
  m_LocalScale: {x: 0.9999999, y: 1.0000002, z: 1.0000001}
  m_Children:
  - {fileID: 4804412881194144}
  m_Father: {fileID: 4963996768082292}
  m_RootOrder: 2
  m_LocalEulerAnglesHint: {x: 0, y: 0, z: 0}
--- !u!4 &4057938949089026
Transform:
  m_ObjectHideFlags: 1
  m_PrefabParentObject: {fileID: 0}
  m_PrefabInternal: {fileID: 100100000}
  m_GameObject: {fileID: 1229840213216232}
  m_LocalRotation: {x: -0.000118110926, y: 0.0006218859, z: -0.21315977, w: 0.97701716}
  m_LocalPosition: {x: -0.064826965, y: -0.0066724587, z: 0.00005134432}
  m_LocalScale: {x: 1, y: 0.99999994, z: 1}
  m_Children:
  - {fileID: 4246144357880028}
  m_Father: {fileID: 4797768470111020}
  m_RootOrder: 2
  m_LocalEulerAnglesHint: {x: 0, y: 0, z: 0}
--- !u!4 &4081466036955880
Transform:
  m_ObjectHideFlags: 1
  m_PrefabParentObject: {fileID: 0}
  m_PrefabInternal: {fileID: 100100000}
  m_GameObject: {fileID: 1583833361149772}
  m_LocalRotation: {x: -0.021653192, y: -0.043843642, z: -0.7452739, w: 0.66496295}
  m_LocalPosition: {x: -0.24112545, y: 0.000000009536743, z: -0.000000009536743}
  m_LocalScale: {x: 0.99999994, y: 0.99999994, z: 0.9999998}
  m_Children: []
  m_Father: {fileID: 4992207276289974}
  m_RootOrder: 0
  m_LocalEulerAnglesHint: {x: 0, y: 0, z: 0}
--- !u!4 &4089498381241560
Transform:
  m_ObjectHideFlags: 1
  m_PrefabParentObject: {fileID: 0}
  m_PrefabInternal: {fileID: 100100000}
  m_GameObject: {fileID: 1662897147025564}
  m_LocalRotation: {x: 0, y: 0, z: 0, w: 1}
  m_LocalPosition: {x: 0, y: 0, z: 0}
  m_LocalScale: {x: 1.5, y: 1.5, z: 1.5}
  m_Children:
  - {fileID: 4458537902396254}
  - {fileID: 4856602305594360}
  - {fileID: 4571497449580124}
  m_Father: {fileID: 0}
  m_RootOrder: 0
  m_LocalEulerAnglesHint: {x: 0, y: 0, z: 0}
--- !u!4 &4115557581773370
Transform:
  m_ObjectHideFlags: 1
  m_PrefabParentObject: {fileID: 0}
  m_PrefabInternal: {fileID: 100100000}
  m_GameObject: {fileID: 1621033659492300}
  m_LocalRotation: {x: 0.03689197, y: 0.014993409, z: -0.021100763, w: 0.998984}
  m_LocalPosition: {x: -0.13784939, y: 0.000000023841856, z: -0.000000038146972}
  m_LocalScale: {x: 0.99999994, y: 1, z: 1.0000001}
  m_Children:
  - {fileID: 4963996768082292}
  m_Father: {fileID: 4887834867128096}
  m_RootOrder: 0
  m_LocalEulerAnglesHint: {x: 0, y: 0, z: 0}
--- !u!4 &4140493544392030
Transform:
  m_ObjectHideFlags: 1
  m_PrefabParentObject: {fileID: 0}
  m_PrefabInternal: {fileID: 100100000}
  m_GameObject: {fileID: 1908915884688378}
  m_LocalRotation: {x: -0.011755611, y: 0.009236606, z: 0.04501327, w: 0.99887455}
  m_LocalPosition: {x: -0.016311988, y: -0.000000019073486, z: 0.000000038146972}
  m_LocalScale: {x: 1.0000002, y: 1, z: 1.0000001}
  m_Children: []
  m_Father: {fileID: 4816682813991120}
  m_RootOrder: 0
  m_LocalEulerAnglesHint: {x: 0, y: 0, z: 0}
--- !u!4 &4156319818091168
Transform:
  m_ObjectHideFlags: 1
  m_PrefabParentObject: {fileID: 0}
  m_PrefabInternal: {fileID: 100100000}
  m_GameObject: {fileID: 1968980580900820}
  m_LocalRotation: {x: -0.10207676, y: -0.7484004, z: -0.035767294, w: 0.6543684}
  m_LocalPosition: {x: -0.057447508, y: -0.0077187344, z: -0.012480022}
  m_LocalScale: {x: 1, y: 1, z: 0.99999994}
  m_Children:
  - {fileID: 4628530306557742}
  m_Father: {fileID: 4797768470111020}
  m_RootOrder: 1
  m_LocalEulerAnglesHint: {x: 0, y: 0, z: 0}
--- !u!4 &4163604414983124
Transform:
  m_ObjectHideFlags: 1
  m_PrefabParentObject: {fileID: 0}
  m_PrefabInternal: {fileID: 100100000}
  m_GameObject: {fileID: 1930791905900742}
  m_LocalRotation: {x: 0.009497812, y: -0.011592956, z: 0.07302364, w: 0.9972176}
  m_LocalPosition: {x: -0.018204765, y: -0.000000019073486, z: 0.000000011920928}
  m_LocalScale: {x: 1.0000002, y: 1, z: 0.99999994}
  m_Children: []
  m_Father: {fileID: 4447874885675424}
  m_RootOrder: 0
  m_LocalEulerAnglesHint: {x: 0, y: 0, z: 0}
--- !u!4 &4178871244924584
Transform:
  m_ObjectHideFlags: 1
  m_PrefabParentObject: {fileID: 0}
  m_PrefabInternal: {fileID: 100100000}
  m_GameObject: {fileID: 1338760752851350}
  m_LocalRotation: {x: -0.009489088, y: 0.011592946, z: 0.073023275, w: 0.9972177}
  m_LocalPosition: {x: -0.018204842, y: 0, z: 0.0000000023841857}
  m_LocalScale: {x: 0.99999976, y: 1.0000001, z: 1.0000004}
  m_Children: []
  m_Father: {fileID: 4888564800696738}
  m_RootOrder: 0
  m_LocalEulerAnglesHint: {x: 0, y: 0, z: 0}
--- !u!4 &4190607086769464
Transform:
  m_ObjectHideFlags: 1
  m_PrefabParentObject: {fileID: 0}
  m_PrefabInternal: {fileID: 100100000}
  m_GameObject: {fileID: 1337412793017046}
  m_LocalRotation: {x: -0.00002623613, y: 0.0003759954, z: 0.07970756, w: 0.99681824}
  m_LocalPosition: {x: -0.01608055, y: 0, z: 0.0000000047683715}
  m_LocalScale: {x: 1.0000004, y: 0.99999964, z: 1}
  m_Children:
  - {fileID: 4953570369212734}
  m_Father: {fileID: 4815431691203446}
  m_RootOrder: 0
  m_LocalEulerAnglesHint: {x: 0, y: 0, z: 0}
--- !u!4 &4199971681065062
Transform:
  m_ObjectHideFlags: 1
  m_PrefabParentObject: {fileID: 0}
  m_PrefabInternal: {fileID: 100100000}
  m_GameObject: {fileID: 1148473903030162}
  m_LocalRotation: {x: -0.036891792, y: -0.014993658, z: -0.021100514, w: 0.998984}
  m_LocalPosition: {x: -0.13784942, y: -0.000000038146972, z: -0.000000038146972}
  m_LocalScale: {x: 1, y: 1, z: 0.99999994}
  m_Children:
  - {fileID: 4211481680138108}
  m_Father: {fileID: 4628530306557742}
  m_RootOrder: 0
  m_LocalEulerAnglesHint: {x: 0, y: 0, z: 0}
--- !u!4 &4202226832529306
Transform:
  m_ObjectHideFlags: 1
  m_PrefabParentObject: {fileID: 0}
  m_PrefabInternal: {fileID: 100100000}
  m_GameObject: {fileID: 1910081339667884}
  m_LocalRotation: {x: 0.055307753, y: -0.0015105105, z: 0.104534276, w: 0.9929811}
  m_LocalPosition: {x: -0.069626786, y: -0.006484947, z: 0.021167144}
  m_LocalScale: {x: 1.0000001, y: 0.9999999, z: 1}
  m_Children:
  - {fileID: 4447874885675424}
  m_Father: {fileID: 4211481680138108}
  m_RootOrder: 3
  m_LocalEulerAnglesHint: {x: 0, y: 0, z: 0}
--- !u!4 &4211481680138108
Transform:
  m_ObjectHideFlags: 1
  m_PrefabParentObject: {fileID: 0}
  m_PrefabInternal: {fileID: 100100000}
  m_GameObject: {fileID: 1106632680647204}
  m_LocalRotation: {x: 0.66058564, y: -0.03674357, z: 0.05939423, w: 0.74749506}
  m_LocalPosition: {x: -0.12248317, y: -0.000000026226044, z: -0.000000038146972}
  m_LocalScale: {x: 1.0000001, y: 0.99999994, z: 1}
  m_Children:
  - {fileID: 4281901803845948}
  - {fileID: 4917895745846138}
  - {fileID: 4815431691203446}
  - {fileID: 4202226832529306}
  - {fileID: 4948880044230284}
  m_Father: {fileID: 4199971681065062}
  m_RootOrder: 0
  m_LocalEulerAnglesHint: {x: 0, y: 0, z: 0}
--- !u!4 &4246144357880028
Transform:
  m_ObjectHideFlags: 1
  m_PrefabParentObject: {fileID: 0}
  m_PrefabInternal: {fileID: 100100000}
  m_GameObject: {fileID: 1767643339853620}
  m_LocalRotation: {x: 0.00018888929, y: -0.0006041813, z: 0.099320404, w: 0.9950553}
  m_LocalPosition: {x: -0.08679619, y: 0, z: -7.4505804e-11}
  m_LocalScale: {x: 0.99999994, y: 1, z: 1}
  m_Children: []
  m_Father: {fileID: 4057938949089026}
  m_RootOrder: 0
  m_LocalEulerAnglesHint: {x: 0, y: 0, z: 0}
--- !u!4 &4281901803845948
Transform:
  m_ObjectHideFlags: 1
  m_PrefabParentObject: {fileID: 0}
  m_PrefabInternal: {fileID: 100100000}
  m_GameObject: {fileID: 1132926331667180}
  m_LocalRotation: {x: -0.15416156, y: -0.28524068, z: 0.11256793, w: 0.93925524}
  m_LocalPosition: {x: -0.02102398, y: -0.020841865, z: -0.011304872}
  m_LocalScale: {x: 0.99999994, y: 1, z: 1.0000001}
  m_Children:
  - {fileID: 4974187180771488}
  m_Father: {fileID: 4211481680138108}
  m_RootOrder: 0
  m_LocalEulerAnglesHint: {x: 0, y: 0, z: 0}
--- !u!4 &4324725145147700
Transform:
  m_ObjectHideFlags: 1
  m_PrefabParentObject: {fileID: 0}
  m_PrefabInternal: {fileID: 100100000}
  m_GameObject: {fileID: 1861161774581598}
  m_LocalRotation: {x: -0.000008562829, y: -0.09313756, z: -0.0000635394, w: 0.9956533}
  m_LocalPosition: {x: -0.015269089, y: 0.000000076293944, z: 0.0000000047683715}
  m_LocalScale: {x: 0.99999964, y: 0.99999994, z: 1.0000005}
  m_Children: []
  m_Father: {fileID: 4403839477983282}
  m_RootOrder: 0
  m_LocalEulerAnglesHint: {x: 0, y: 0, z: 0}
--- !u!4 &4384082996672626
Transform:
  m_ObjectHideFlags: 1
  m_PrefabParentObject: {fileID: 0}
  m_PrefabInternal: {fileID: 100100000}
  m_GameObject: {fileID: 1101154979372816}
  m_LocalRotation: {x: -0.008286958, y: 0.011210323, z: 0.041525654, w: 0.9990402}
  m_LocalPosition: {x: -0.015015182, y: 0, z: 0.000000007152557}
  m_LocalScale: {x: 0.9999998, y: 1.0000001, z: 1.0000004}
  m_Children: []
  m_Father: {fileID: 4804412881194144}
  m_RootOrder: 0
  m_LocalEulerAnglesHint: {x: 0, y: 0, z: 0}
--- !u!4 &4403839477983282
Transform:
  m_ObjectHideFlags: 1
  m_PrefabParentObject: {fileID: 0}
  m_PrefabInternal: {fileID: 100100000}
  m_GameObject: {fileID: 1275256968763804}
  m_LocalRotation: {x: -0.000022705566, y: -0.1597039, z: 0.000015844404, w: 0.987165}
  m_LocalPosition: {x: -0.03159382, y: 0, z: 0.000000019073486}
  m_LocalScale: {x: 0.9999997, y: 1, z: 1.0000005}
  m_Children:
  - {fileID: 4324725145147700}
  m_Father: {fileID: 4431957279173084}
  m_RootOrder: 0
  m_LocalEulerAnglesHint: {x: 0, y: 0, z: 0}
--- !u!4 &4429982403040308
Transform:
  m_ObjectHideFlags: 1
  m_PrefabParentObject: {fileID: 0}
  m_PrefabInternal: {fileID: 100100000}
  m_GameObject: {fileID: 1150134828111910}
  m_LocalRotation: {x: -0.11947515, y: -0.011648016, z: -0.6917773, w: 0.71206343}
  m_LocalPosition: {x: -0.06474292, y: -0.021030808, z: -0.0012574435}
  m_LocalScale: {x: 1.0000002, y: 0.99999994, z: 0.99999994}
  m_Children: []
  m_Father: {fileID: 4963996768082292}
  m_RootOrder: 4
  m_LocalEulerAnglesHint: {x: 0, y: 0, z: 0}
--- !u!4 &4431957279173084
Transform:
  m_ObjectHideFlags: 1
  m_PrefabParentObject: {fileID: 0}
  m_PrefabInternal: {fileID: 100100000}
  m_GameObject: {fileID: 1104082778551438}
  m_LocalRotation: {x: 0.15416096, y: 0.285241, z: 0.112568505, w: 0.93925524}
  m_LocalPosition: {x: -0.02102398, y: -0.020841865, z: 0.011304883}
  m_LocalScale: {x: 1.0000001, y: 1, z: 0.99999994}
  m_Children:
  - {fileID: 4403839477983282}
  m_Father: {fileID: 4963996768082292}
  m_RootOrder: 0
  m_LocalEulerAnglesHint: {x: 0, y: 0, z: 0}
--- !u!4 &4447874885675424
Transform:
  m_ObjectHideFlags: 1
  m_PrefabParentObject: {fileID: 0}
  m_PrefabInternal: {fileID: 100100000}
  m_GameObject: {fileID: 1520810228554894}
  m_LocalRotation: {x: 0.000045858986, y: -0.0006155619, z: 0.06997907, w: 0.9975483}
  m_LocalPosition: {x: -0.013669395, y: 0.000000038146972, z: -0.0000000023841857}
  m_LocalScale: {x: 1.0000002, y: 0.9999999, z: 1.0000001}
  m_Children:
  - {fileID: 4163604414983124}
  m_Father: {fileID: 4202226832529306}
  m_RootOrder: 0
  m_LocalEulerAnglesHint: {x: 0, y: 0, z: 0}
--- !u!4 &4454703754638820
Transform:
  m_ObjectHideFlags: 1
  m_PrefabParentObject: {fileID: 0}
  m_PrefabInternal: {fileID: 100100000}
  m_GameObject: {fileID: 1990775454735366}
  m_LocalRotation: {x: -0.000000009292196, y: 0.000000043186013, z: 0.15051039, w: 0.9886084}
  m_LocalPosition: {x: -0.05427078, y: 0, z: -2.842171e-16}
  m_LocalScale: {x: 1.0000001, y: 1, z: 1}
  m_Children:
  - {fileID: 4797768470111020}
  m_Father: {fileID: 4973867337206374}
  m_RootOrder: 0
  m_LocalEulerAnglesHint: {x: 0, y: 0, z: 0}
--- !u!4 &4457691795966370
Transform:
  m_ObjectHideFlags: 1
  m_PrefabParentObject: {fileID: 0}
  m_PrefabInternal: {fileID: 100100000}
  m_GameObject: {fileID: 1088821399252980}
  m_LocalRotation: {x: 0.029486908, y: 0.9983658, z: -0.046789788, w: -0.014386998}
  m_LocalPosition: {x: -0, y: 0, z: -0.047994237}
  m_LocalScale: {x: 0.99999994, y: 1, z: 1}
  m_Children:
  - {fileID: 4992207276289974}
  m_Father: {fileID: 4856602305594360}
  m_RootOrder: 1
  m_LocalEulerAnglesHint: {x: 0, y: 0, z: 0}
--- !u!4 &4458537902396254
Transform:
  m_ObjectHideFlags: 1
  m_PrefabParentObject: {fileID: 0}
  m_PrefabInternal: {fileID: 100100000}
  m_GameObject: {fileID: 1197350250150758}
  m_LocalRotation: {x: 0.50000006, y: -0.5, z: -0.4999999, w: 0.5}
  m_LocalPosition: {x: 0, y: 0, z: 0}
  m_LocalScale: {x: 1, y: 1, z: 1}
  m_Children: []
  m_Father: {fileID: 4089498381241560}
  m_RootOrder: 0
  m_LocalEulerAnglesHint: {x: 0, y: 0, z: 0}
--- !u!4 &4521161919177586
Transform:
  m_ObjectHideFlags: 1
  m_PrefabParentObject: {fileID: 0}
  m_PrefabInternal: {fileID: 100100000}
  m_GameObject: {fileID: 1129705826285186}
  m_LocalRotation: {x: 0.011758526, y: -0.009234519, z: 0.045011044, w: 0.9988746}
  m_LocalPosition: {x: -0.016311988, y: 0.000000019073486, z: 0.000000038146972}
  m_LocalScale: {x: 0.99999976, y: 1.0000002, z: 0.99999994}
  m_Children: []
  m_Father: {fileID: 4704501894329552}
  m_RootOrder: 0
  m_LocalEulerAnglesHint: {x: 0, y: 0, z: 0}
--- !u!4 &4530200410645668
Transform:
  m_ObjectHideFlags: 1
  m_PrefabParentObject: {fileID: 0}
  m_PrefabInternal: {fileID: 100100000}
  m_GameObject: {fileID: 1955814550575080}
  m_LocalRotation: {x: 0.009388068, y: -0.02805892, z: 0.1265548, w: 0.99151826}
  m_LocalPosition: {x: -0.06893745, y: -0.003694229, z: 0.019970866}
  m_LocalScale: {x: 0.9999999, y: 1.0000002, z: 1.0000001}
  m_Children:
  - {fileID: 4816682813991120}
  m_Father: {fileID: 4963996768082292}
  m_RootOrder: 1
  m_LocalEulerAnglesHint: {x: 0, y: 0, z: 0}
--- !u!4 &4545748124536968
Transform:
  m_ObjectHideFlags: 1
  m_PrefabParentObject: {fileID: 0}
  m_PrefabInternal: {fileID: 100100000}
  m_GameObject: {fileID: 1165966748304470}
  m_LocalRotation: {x: 0.102075525, y: 0.74840057, z: -0.03576599, w: 0.65436846}
  m_LocalPosition: {x: -0.057447508, y: -0.0077187344, z: 0.012480022}
  m_LocalScale: {x: 1, y: 0.99999994, z: 1}
  m_Children:
  - {fileID: 4887834867128096}
  m_Father: {fileID: 4797768470111020}
  m_RootOrder: 0
  m_LocalEulerAnglesHint: {x: 0, y: 0, z: 0}
--- !u!4 &4571497449580124
Transform:
  m_ObjectHideFlags: 1
  m_PrefabParentObject: {fileID: 0}
  m_PrefabInternal: {fileID: 100100000}
  m_GameObject: {fileID: 1194793898130856}
  m_LocalRotation: {x: 0.000000021855694, y: 0, z: 0, w: 1}
  m_LocalPosition: {x: 0, y: 0, z: 0}
  m_LocalScale: {x: 0.39370078, y: 0.39370078, z: 0.39370078}
  m_Children: []
  m_Father: {fileID: 4089498381241560}
  m_RootOrder: 2
  m_LocalEulerAnglesHint: {x: 0, y: 0, z: 0}
--- !u!4 &4628530306557742
Transform:
  m_ObjectHideFlags: 1
  m_PrefabParentObject: {fileID: 0}
  m_PrefabInternal: {fileID: 100100000}
  m_GameObject: {fileID: 1061050645600682}
  m_LocalRotation: {x: 0.048143502, y: -0.3998475, z: -0.006782166, w: 0.9152913}
  m_LocalPosition: {x: -0.06763689, y: -0.000000009536743, z: 0.000000076293944}
  m_LocalScale: {x: 0.9999999, y: 1, z: 1.0000001}
  m_Children:
  - {fileID: 4199971681065062}
  m_Father: {fileID: 4156319818091168}
  m_RootOrder: 0
  m_LocalEulerAnglesHint: {x: 0, y: 0, z: 0}
--- !u!4 &4704501894329552
Transform:
  m_ObjectHideFlags: 1
  m_PrefabParentObject: {fileID: 0}
  m_PrefabInternal: {fileID: 100100000}
  m_GameObject: {fileID: 1878352656468638}
  m_LocalRotation: {x: -0.00006243795, y: -0.0021597112, z: 0.061949704, w: 0.998077}
  m_LocalPosition: {x: -0.014104881, y: 0, z: -0.0000000023841857}
  m_LocalScale: {x: 1.0000004, y: 0.99999976, z: 1}
  m_Children:
  - {fileID: 4521161919177586}
  m_Father: {fileID: 4917895745846138}
  m_RootOrder: 0
  m_LocalEulerAnglesHint: {x: 0, y: 0, z: 0}
--- !u!4 &4761643962301282
Transform:
  m_ObjectHideFlags: 1
  m_PrefabParentObject: {fileID: 0}
  m_PrefabInternal: {fileID: 100100000}
  m_GameObject: {fileID: 1983356605750492}
  m_LocalRotation: {x: -0.05530743, y: 0.0015107251, z: 0.104534246, w: 0.9929811}
  m_LocalPosition: {x: -0.06962677, y: -0.006484909, z: -0.02116712}
  m_LocalScale: {x: 0.9999998, y: 1.0000002, z: 1}
  m_Children:
  - {fileID: 4888564800696738}
  m_Father: {fileID: 4963996768082292}
  m_RootOrder: 3
  m_LocalEulerAnglesHint: {x: 0, y: 0, z: 0}
--- !u!4 &4789328797390802
Transform:
  m_ObjectHideFlags: 1
  m_PrefabParentObject: {fileID: 0}
  m_PrefabInternal: {fileID: 100100000}
  m_GameObject: {fileID: 1708863297260858}
  m_LocalRotation: {x: 0.0008756032, y: -0.0026281145, z: 0.02750046, w: 0.999618}
  m_LocalPosition: {x: -0.23199765, y: -0.00000005483627, z: 0.000000019073486}
  m_LocalScale: {x: 1.0000002, y: 1.0000001, z: 0.9999999}
  m_Children:
  - {fileID: 4888492907799966}
  m_Father: {fileID: 4841123828122978}
  m_RootOrder: 0
  m_LocalEulerAnglesHint: {x: 0, y: 0, z: 0}
--- !u!4 &4797768470111020
Transform:
  m_ObjectHideFlags: 1
  m_PrefabParentObject: {fileID: 0}
  m_PrefabInternal: {fileID: 100100000}
  m_GameObject: {fileID: 1212646394455174}
  m_LocalRotation: {x: -0.0000000015902499, y: -0.000000029230042, z: 0.038147055,
    w: 0.99927217}
  m_LocalPosition: {x: -0.08321251, y: -0.000000009536743, z: 4.5474734e-15}
  m_LocalScale: {x: 1.0000001, y: 0.99999994, z: 1.0000001}
  m_Children:
  - {fileID: 4545748124536968}
  - {fileID: 4156319818091168}
  - {fileID: 4057938949089026}
  m_Father: {fileID: 4454703754638820}
  m_RootOrder: 0
  m_LocalEulerAnglesHint: {x: 0, y: 0, z: 0}
--- !u!4 &4804412881194144
Transform:
  m_ObjectHideFlags: 1
  m_PrefabParentObject: {fileID: 0}
  m_PrefabInternal: {fileID: 100100000}
  m_GameObject: {fileID: 1175687180958228}
  m_LocalRotation: {x: 0.000031549796, y: -0.00037527594, z: 0.079707235, w: 0.99681824}
  m_LocalPosition: {x: -0.01608055, y: 0, z: 0.000000009536743}
  m_LocalScale: {x: 0.9999998, y: 1.0000002, z: 1.0000001}
  m_Children:
  - {fileID: 4384082996672626}
  m_Father: {fileID: 4006626346644750}
  m_RootOrder: 0
  m_LocalEulerAnglesHint: {x: 0, y: 0, z: 0}
--- !u!4 &4815013756666032
Transform:
  m_ObjectHideFlags: 1
  m_PrefabParentObject: {fileID: 0}
  m_PrefabInternal: {fileID: 100100000}
  m_GameObject: {fileID: 1476772827280986}
  m_LocalRotation: {x: 0.0000063053903, y: 0.0931377, z: -0.000059945825, w: 0.9956533}
  m_LocalPosition: {x: -0.015269089, y: -0.000000038146972, z: 0.000000009536743}
  m_LocalScale: {x: 1.0000004, y: 1, z: 0.99999976}
  m_Children: []
  m_Father: {fileID: 4974187180771488}
  m_RootOrder: 0
  m_LocalEulerAnglesHint: {x: 0, y: 0, z: 0}
--- !u!4 &4815431691203446
Transform:
  m_ObjectHideFlags: 1
  m_PrefabParentObject: {fileID: 0}
  m_PrefabInternal: {fileID: 100100000}
  m_GameObject: {fileID: 1514226619249216}
  m_LocalRotation: {x: -0.0023439154, y: 0.006519661, z: 0.10101024, w: 0.9948613}
  m_LocalPosition: {x: -0.06919815, y: -0.004624672, z: 0.0000000047683715}
  m_LocalScale: {x: 1.0000001, y: 0.9999998, z: 1}
  m_Children:
  - {fileID: 4190607086769464}
  m_Father: {fileID: 4211481680138108}
  m_RootOrder: 2
  m_LocalEulerAnglesHint: {x: 0, y: 0, z: 0}
--- !u!4 &4816682813991120
Transform:
  m_ObjectHideFlags: 1
  m_PrefabParentObject: {fileID: 0}
  m_PrefabInternal: {fileID: 100100000}
  m_GameObject: {fileID: 1448153233542898}
  m_LocalRotation: {x: 0.00006290526, y: 0.0021609175, z: 0.06195059, w: 0.9980769}
  m_LocalPosition: {x: -0.014104843, y: 0, z: -0.0000000023841857}
  m_LocalScale: {x: 0.9999997, y: 1.0000005, z: 1.0000001}
  m_Children:
  - {fileID: 4140493544392030}
  m_Father: {fileID: 4530200410645668}
  m_RootOrder: 0
  m_LocalEulerAnglesHint: {x: 0, y: 0, z: 0}
--- !u!4 &4841123828122978
Transform:
  m_ObjectHideFlags: 1
  m_PrefabParentObject: {fileID: 0}
  m_PrefabInternal: {fileID: 100100000}
  m_GameObject: {fileID: 1843311805345228}
  m_LocalRotation: {x: 0.029484876, y: 0.998366, z: 0.046786875, w: 0.014386804}
  m_LocalPosition: {x: -0, y: 0, z: 0.047994226}
  m_LocalScale: {x: 1, y: 1, z: 0.99999994}
  m_Children:
  - {fileID: 4789328797390802}
  m_Father: {fileID: 4856602305594360}
  m_RootOrder: 0
  m_LocalEulerAnglesHint: {x: 0, y: 0, z: 0}
--- !u!4 &4856602305594360
Transform:
  m_ObjectHideFlags: 1
  m_PrefabParentObject: {fileID: 0}
  m_PrefabInternal: {fileID: 100100000}
  m_GameObject: {fileID: 1715386766570780}
  m_LocalRotation: {x: 0.50000006, y: -0.5, z: -0.4999999, w: 0.5}
  m_LocalPosition: {x: -6.333563e-10, y: 0.5200989, z: -0.014490483}
  m_LocalScale: {x: 1, y: 1, z: 1}
  m_Children:
  - {fileID: 4841123828122978}
  - {fileID: 4457691795966370}
  - {fileID: 4973867337206374}
  m_Father: {fileID: 4089498381241560}
  m_RootOrder: 1
  m_LocalEulerAnglesHint: {x: 0, y: 0, z: 0}
--- !u!4 &4887834867128096
Transform:
  m_ObjectHideFlags: 1
  m_PrefabParentObject: {fileID: 0}
  m_PrefabInternal: {fileID: 100100000}
  m_GameObject: {fileID: 1959691567656958}
  m_LocalRotation: {x: -0.048143372, y: 0.39984727, z: -0.0067823664, w: 0.9152914}
  m_LocalPosition: {x: -0.06763689, y: 0.000000014305114, z: 0.000000076293944}
  m_LocalScale: {x: 1.0000001, y: 1, z: 0.9999999}
  m_Children:
  - {fileID: 4115557581773370}
  m_Father: {fileID: 4545748124536968}
  m_RootOrder: 0
  m_LocalEulerAnglesHint: {x: 0, y: 0, z: 0}
--- !u!4 &4888492907799966
Transform:
  m_ObjectHideFlags: 1
  m_PrefabParentObject: {fileID: 0}
  m_PrefabInternal: {fileID: 100100000}
  m_GameObject: {fileID: 1533314298706178}
  m_LocalRotation: {x: 0.021653974, y: 0.043846976, z: -0.7455499, w: 0.6646532}
  m_LocalPosition: {x: -0.24112545, y: 0, z: 0}
  m_LocalScale: {x: 0.99999994, y: 0.99999976, z: 1.0000002}
  m_Children: []
  m_Father: {fileID: 4789328797390802}
  m_RootOrder: 0
  m_LocalEulerAnglesHint: {x: 0, y: 0, z: 0}
--- !u!4 &4888564800696738
Transform:
  m_ObjectHideFlags: 1
  m_PrefabParentObject: {fileID: 0}
  m_PrefabInternal: {fileID: 100100000}
  m_GameObject: {fileID: 1771702705457512}
  m_LocalRotation: {x: -0.000043113534, y: 0.0006159415, z: 0.069979146, w: 0.9975483}
  m_LocalPosition: {x: -0.013669357, y: 0, z: -0.0000000023841857}
  m_LocalScale: {x: 0.99999976, y: 1.0000002, z: 1.0000001}
  m_Children:
  - {fileID: 4178871244924584}
  m_Father: {fileID: 4761643962301282}
  m_RootOrder: 0
  m_LocalEulerAnglesHint: {x: 0, y: 0, z: 0}
--- !u!4 &4917895745846138
Transform:
  m_ObjectHideFlags: 1
  m_PrefabParentObject: {fileID: 0}
  m_PrefabInternal: {fileID: 100100000}
  m_GameObject: {fileID: 1396760971399392}
  m_LocalRotation: {x: -0.009389001, y: 0.028058846, z: 0.12655514, w: 0.9915182}
  m_LocalPosition: {x: -0.06893747, y: -0.0036942672, z: -0.019970838}
  m_LocalScale: {x: 1.0000002, y: 0.9999999, z: 1}
  m_Children:
  - {fileID: 4704501894329552}
  m_Father: {fileID: 4211481680138108}
  m_RootOrder: 1
  m_LocalEulerAnglesHint: {x: 0, y: 0, z: 0}
--- !u!4 &4948880044230284
Transform:
  m_ObjectHideFlags: 1
  m_PrefabParentObject: {fileID: 0}
  m_PrefabInternal: {fileID: 100100000}
  m_GameObject: {fileID: 1522704220253268}
  m_LocalRotation: {x: 0.6917773, y: 0.7120634, z: 0.11947505, w: -0.01164788}
  m_LocalPosition: {x: -0.064742886, y: -0.021030808, z: 0.001257472}
  m_LocalScale: {x: 0.9999998, y: 1.0000001, z: 1.0000001}
  m_Children: []
  m_Father: {fileID: 4211481680138108}
  m_RootOrder: 4
  m_LocalEulerAnglesHint: {x: 0, y: 0, z: 0}
--- !u!4 &4953570369212734
Transform:
  m_ObjectHideFlags: 1
  m_PrefabParentObject: {fileID: 0}
  m_PrefabInternal: {fileID: 100100000}
  m_GameObject: {fileID: 1858277198511288}
  m_LocalRotation: {x: 0.008296076, y: -0.011210243, z: 0.041526314, w: 0.99904007}
  m_LocalPosition: {x: -0.01501522, y: 0, z: 0.000000007152557}
  m_LocalScale: {x: 1.0000005, y: 0.9999999, z: 0.99999964}
  m_Children: []
  m_Father: {fileID: 4190607086769464}
  m_RootOrder: 0
  m_LocalEulerAnglesHint: {x: 0, y: 0, z: 0}
--- !u!4 &4963996768082292
Transform:
  m_ObjectHideFlags: 1
  m_PrefabParentObject: {fileID: 0}
  m_PrefabInternal: {fileID: 100100000}
  m_GameObject: {fileID: 1213634342013098}
  m_LocalRotation: {x: -0.6605855, y: 0.036743585, z: 0.059393927, w: 0.7474952}
  m_LocalPosition: {x: -0.12248317, y: 0.000000026226044, z: -0.000000038146972}
  m_LocalScale: {x: 0.9999999, y: 1.0000001, z: 1.0000001}
  m_Children:
  - {fileID: 4431957279173084}
  - {fileID: 4530200410645668}
  - {fileID: 4006626346644750}
  - {fileID: 4761643962301282}
  - {fileID: 4429982403040308}
  m_Father: {fileID: 4115557581773370}
  m_RootOrder: 0
  m_LocalEulerAnglesHint: {x: 0, y: 0, z: 0}
--- !u!4 &4973867337206374
Transform:
  m_ObjectHideFlags: 1
  m_PrefabParentObject: {fileID: 0}
  m_PrefabInternal: {fileID: 100100000}
  m_GameObject: {fileID: 1172994928425602}
  m_LocalRotation: {x: 0.0000000031641672, y: 0.0000000033409677, z: -0.073850006,
    w: 0.9972694}
  m_LocalPosition: {x: -0.039542846, y: -0.0000008833408, z: -4.2027465e-11}
  m_LocalScale: {x: 1, y: 1.0000001, z: 0.99999994}
  m_Children:
  - {fileID: 4454703754638820}
  m_Father: {fileID: 4856602305594360}
  m_RootOrder: 2
  m_LocalEulerAnglesHint: {x: 0, y: 0, z: 0}
--- !u!4 &4974187180771488
Transform:
  m_ObjectHideFlags: 1
  m_PrefabParentObject: {fileID: 0}
  m_PrefabInternal: {fileID: 100100000}
  m_GameObject: {fileID: 1837036811471066}
  m_LocalRotation: {x: 0.000020885347, y: 0.15970433, z: 0.000017391736, w: 0.9871649}
  m_LocalPosition: {x: -0.03159382, y: 0.000000038146972, z: 0.000000028610229}
  m_LocalScale: {x: 1.0000002, y: 1, z: 0.99999976}
  m_Children:
  - {fileID: 4815013756666032}
  m_Father: {fileID: 4281901803845948}
  m_RootOrder: 0
  m_LocalEulerAnglesHint: {x: 0, y: 0, z: 0}
--- !u!4 &4992207276289974
Transform:
  m_ObjectHideFlags: 1
  m_PrefabParentObject: {fileID: 0}
  m_PrefabInternal: {fileID: 100100000}
  m_GameObject: {fileID: 1691963945180504}
  m_LocalRotation: {x: -0.00087660126, y: 0.002606429, z: 0.02708445, w: 0.9996294}
  m_LocalPosition: {x: -0.2319977, y: -0.00000005483627, z: -0.000000014305114}
  m_LocalScale: {x: 1.0000002, y: 1.0000001, z: 1.0000001}
  m_Children:
  - {fileID: 4081466036955880}
  m_Father: {fileID: 4457691795966370}
  m_RootOrder: 0
  m_LocalEulerAnglesHint: {x: 0, y: 0, z: 0}
--- !u!54 &54782874812966550
Rigidbody:
  m_ObjectHideFlags: 1
  m_PrefabParentObject: {fileID: 0}
  m_PrefabInternal: {fileID: 100100000}
  m_GameObject: {fileID: 1662897147025564}
  serializedVersion: 2
  m_Mass: 1
  m_Drag: 4
  m_AngularDrag: 0.05
  m_UseGravity: 0
  m_IsKinematic: 0
  m_Interpolate: 0
  m_Constraints: 112
  m_CollisionDetection: 0
--- !u!95 &95591718217077176
Animator:
  serializedVersion: 3
  m_ObjectHideFlags: 1
  m_PrefabParentObject: {fileID: 0}
  m_PrefabInternal: {fileID: 100100000}
  m_GameObject: {fileID: 1662897147025564}
  m_Enabled: 1
  m_Avatar: {fileID: 9000000, guid: b6c33e1d6632025468fb37a04e312606, type: 3}
  m_Controller: {fileID: 0}
  m_CullingMode: 0
  m_UpdateMode: 0
  m_ApplyRootMotion: 0
  m_LinearVelocityBlending: 0
  m_WarningMessage: 
  m_HasTransformHierarchy: 1
  m_AllowConstantClipSamplingOptimization: 1
  m_KeepAnimatorControllerStateOnDisable: 0
--- !u!114 &114121728690988574
MonoBehaviour:
  m_ObjectHideFlags: 1
  m_PrefabParentObject: {fileID: 0}
  m_PrefabInternal: {fileID: 100100000}
  m_GameObject: {fileID: 1662897147025564}
  m_Enabled: 1
  m_EditorHideFlags: 0
  m_Script: {fileID: 11500000, guid: 1b488f417e1c24a8f9520dbbabdcb907, type: 3}
  m_Name: 
  m_EditorClassIdentifier: 
  componentsToDisable:
  - {fileID: 0}
  - {fileID: 0}
  - {fileID: 0}
  - {fileID: 0}
  - {fileID: 0}
  remoteLayerName: RemotePlayer
--- !u!114 &114128230664343548
MonoBehaviour:
  m_ObjectHideFlags: 1
  m_PrefabParentObject: {fileID: 0}
  m_PrefabInternal: {fileID: 100100000}
  m_GameObject: {fileID: 1662897147025564}
  m_Enabled: 1
  m_EditorHideFlags: 0
  m_Script: {fileID: 11500000, guid: f674ec1050e0c488291a3a8649579ec9, type: 3}
  m_Name: 
  m_EditorClassIdentifier: 
  speed: 5
  lookSensitivity: 3
  thrusterForce: 1300
  jointMode: 0
  jointSpring: 20
  jointMaxForce: 40
--- !u!114 &114154303293778520
MonoBehaviour:
  m_ObjectHideFlags: 1
  m_PrefabParentObject: {fileID: 0}
  m_PrefabInternal: {fileID: 100100000}
  m_GameObject: {fileID: 1662897147025564}
  m_Enabled: 1
  m_EditorHideFlags: 0
  m_Script: {fileID: 372142912, guid: dc443db3e92b4983b9738c1131f555cb, type: 3}
  m_Name: 
  m_EditorClassIdentifier: 
  m_SceneId:
    m_Value: 0
  m_AssetId:
    i0: 163
    i1: 62
    i2: 225
    i3: 192
    i4: 179
    i5: 208
    i6: 116
    i7: 237
    i8: 235
    i9: 27
    i10: 30
    i11: 197
    i12: 43
    i13: 177
    i14: 159
    i15: 166
  m_ServerOnly: 0
  m_LocalPlayerAuthority: 1
--- !u!114 &114239552506424634
MonoBehaviour:
  m_ObjectHideFlags: 1
  m_PrefabParentObject: {fileID: 0}
  m_PrefabInternal: {fileID: 100100000}
  m_GameObject: {fileID: 1662897147025564}
  m_Enabled: 1
  m_EditorHideFlags: 0
  m_Script: {fileID: 11500000, guid: 41de1ee2f4e8744eca833b345a9a5c4f, type: 3}
  m_Name: 
  m_EditorClassIdentifier: 
  cam: {fileID: 0}
  cameraRotationLimit: 85
--- !u!114 &114541206326673856
MonoBehaviour:
  m_ObjectHideFlags: 1
  m_PrefabParentObject: {fileID: 0}
  m_PrefabInternal: {fileID: 100100000}
  m_GameObject: {fileID: 1662897147025564}
  m_Enabled: 1
  m_EditorHideFlags: 0
  m_Script: {fileID: 11500000, guid: 9fcc0dcd8844f4a52abad4a707afc1bc, type: 3}
  m_Name: 
  m_EditorClassIdentifier: 
  maxHealth: 100
  disableOnDeath: []
--- !u!114 &114753642621928930
MonoBehaviour:
  m_ObjectHideFlags: 1
  m_PrefabParentObject: {fileID: 0}
  m_PrefabInternal: {fileID: 100100000}
  m_GameObject: {fileID: 1662897147025564}
  m_Enabled: 1
  m_EditorHideFlags: 0
  m_Script: {fileID: -1768714887, guid: dc443db3e92b4983b9738c1131f555cb, type: 3}
  m_Name: 
  m_EditorClassIdentifier: 
  m_TransformSyncMode: 3
  m_SendInterval: 0.06666667
  m_SyncRotationAxis: 2
  m_RotationSyncCompression: 0
  m_SyncSpin: 0
  m_MovementTheshold: 0.001
  m_VelocityThreshold: 0.0001
  m_SnapThreshold: 5
  m_InterpolateRotation: 10
  m_InterpolateMovement: 1
--- !u!114 &114780705355240792
MonoBehaviour:
  m_ObjectHideFlags: 1
  m_PrefabParentObject: {fileID: 0}
  m_PrefabInternal: {fileID: 100100000}
  m_GameObject: {fileID: 1662897147025564}
  m_Enabled: 1
  m_EditorHideFlags: 0
  m_Script: {fileID: 11500000, guid: 894f3404ff60e4b43b7f9848479b21a3, type: 3}
  m_Name: 
  m_EditorClassIdentifier: 
  weapon:
    name: Pistol
    damage: 10
    range: 100
  cam: {fileID: 0}
  mask:
    serializedVersion: 2
    m_Bits: 4294966783
--- !u!114 &114818110927785994
MonoBehaviour:
  m_ObjectHideFlags: 1
  m_PrefabParentObject: {fileID: 0}
  m_PrefabInternal: {fileID: 100100000}
  m_GameObject: {fileID: 1662897147025564}
  m_Enabled: 1
  m_EditorHideFlags: 0
  m_Script: {fileID: -1267208747, guid: dc443db3e92b4983b9738c1131f555cb, type: 3}
  m_Name: 
  m_EditorClassIdentifier: 
  m_Target: {fileID: 0}
  m_ChildIndex: 4294967295
  m_SendInterval: 0.1
  m_SyncRotationAxis: 1
  m_RotationSyncCompression: 0
  m_MovementThreshold: 0.001
  m_InterpolateRotation: 0.3
  m_InterpolateMovement: 0
--- !u!136 &136165077189831082
CapsuleCollider:
  m_ObjectHideFlags: 1
  m_PrefabParentObject: {fileID: 0}
  m_PrefabInternal: {fileID: 100100000}
  m_GameObject: {fileID: 1662897147025564}
  m_Material: {fileID: 0}
  m_IsTrigger: 0
  m_Enabled: 1
  m_Radius: 0.15
  m_Height: 0.95
  m_Direction: 1
  m_Center: {x: 0, y: 0.475, z: 0}
--- !u!137 &137838505822049868
SkinnedMeshRenderer:
  m_ObjectHideFlags: 1
  m_PrefabParentObject: {fileID: 0}
  m_PrefabInternal: {fileID: 100100000}
  m_GameObject: {fileID: 1194793898130856}
  m_Enabled: 1
  m_CastShadows: 1
  m_ReceiveShadows: 1
  m_DynamicOccludee: 1
  m_MotionVectors: 1
  m_LightProbeUsage: 0
  m_ReflectionProbeUsage: 1
  m_RenderingLayerMask: 4294967295
  m_Materials:
  - {fileID: 2100000, guid: dac90dffb710eee4b9825779200b556d, type: 2}
  m_StaticBatchInfo:
    firstSubMesh: 0
    subMeshCount: 0
  m_StaticBatchRoot: {fileID: 0}
  m_ProbeAnchor: {fileID: 0}
  m_LightProbeVolumeOverride: {fileID: 0}
  m_ScaleInLightmap: 1
  m_PreserveUVs: 0
  m_IgnoreNormalsForChartDetection: 0
  m_ImportantGI: 0
  m_StitchLightmapSeams: 0
  m_SelectedEditorRenderState: 3
  m_MinimumChartSize: 4
  m_AutoUVMaxDistance: 0.5
  m_AutoUVMaxAngle: 89
  m_LightmapParameters: {fileID: 0}
  m_SortingLayerID: 0
  m_SortingLayer: 0
  m_SortingOrder: 0
  serializedVersion: 2
  m_Quality: 0
  m_UpdateWhenOffscreen: 0
  m_SkinnedMotionVectors: 1
  m_Mesh: {fileID: 4300000, guid: a55b75e1bbafd1241b488997bb65464c, type: 3}
  m_Bones:
  - {fileID: 4856602305594360}
  - {fileID: 4973867337206374}
  - {fileID: 4628530306557742}
  - {fileID: 4156319818091168}
  - {fileID: 4797768470111020}
  - {fileID: 4057938949089026}
  - {fileID: 4454703754638820}
  - {fileID: 4246144357880028}
  - {fileID: 4199971681065062}
  - {fileID: 4457691795966370}
  - {fileID: 4992207276289974}
  - {fileID: 4841123828122978}
  - {fileID: 4211481680138108}
  - {fileID: 4163604414983124}
  - {fileID: 4202226832529306}
  - {fileID: 4447874885675424}
  - {fileID: 4281901803845948}
  - {fileID: 4974187180771488}
  - {fileID: 4917895745846138}
  - {fileID: 4704501894329552}
  - {fileID: 4953570369212734}
  - {fileID: 4815013756666032}
  - {fileID: 4521161919177586}
  - {fileID: 4815431691203446}
  - {fileID: 4190607086769464}
  - {fileID: 4081466036955880}
  - {fileID: 4948880044230284}
  - {fileID: 4887834867128096}
  - {fileID: 4545748124536968}
  - {fileID: 4115557581773370}
  - {fileID: 4789328797390802}
  - {fileID: 4963996768082292}
  - {fileID: 4178871244924584}
  - {fileID: 4761643962301282}
  - {fileID: 4888564800696738}
  - {fileID: 4431957279173084}
  - {fileID: 4403839477983282}
  - {fileID: 4530200410645668}
  - {fileID: 4816682813991120}
  - {fileID: 4384082996672626}
  - {fileID: 4324725145147700}
  - {fileID: 4140493544392030}
  - {fileID: 4006626346644750}
  - {fileID: 4804412881194144}
  - {fileID: 4888492907799966}
  - {fileID: 4429982403040308}
  m_BlendShapeWeights: []
  m_RootBone: {fileID: 4856602305594360}
  m_AABB:
    m_Center: {x: 0.051279515, y: -0.010891005, z: 0.00000020861626}
    m_Extent: {x: 0.46885136, y: 0.09929618, z: 0.27795073}
  m_DirtyAABB: 0
--- !u!153 &153847968755107744
ConfigurableJoint:
  m_ObjectHideFlags: 1
  m_PrefabParentObject: {fileID: 0}
  m_PrefabInternal: {fileID: 100100000}
  m_GameObject: {fileID: 1662897147025564}
  m_ConnectedBody: {fileID: 0}
  m_Anchor: {x: 0, y: 0, z: 0}
  m_Axis: {x: 1, y: 0, z: 0}
  m_AutoConfigureConnectedAnchor: 1
  m_ConnectedAnchor: {x: 0, y: 0, z: 0}
  serializedVersion: 2
  m_SecondaryAxis: {x: 0, y: 1, z: 0}
  m_XMotion: 2
  m_YMotion: 2
  m_ZMotion: 2
  m_AngularXMotion: 2
  m_AngularYMotion: 2
  m_AngularZMotion: 2
  m_LinearLimitSpring:
    spring: 0
    damper: 0
  m_LinearLimit:
    limit: 0
    bounciness: 0
    contactDistance: 0
  m_AngularXLimitSpring:
    spring: 0
    damper: 0
  m_LowAngularXLimit:
    limit: 0
    bounciness: 0
    contactDistance: 0
  m_HighAngularXLimit:
    limit: 0
    bounciness: 0
    contactDistance: 0
  m_AngularYZLimitSpring:
    spring: 0
    damper: 0
  m_AngularYLimit:
    limit: 0
    bounciness: 0
    contactDistance: 0
  m_AngularZLimit:
    limit: 0
    bounciness: 0
    contactDistance: 0
  m_TargetPosition: {x: 0, y: 0, z: 0}
  m_TargetVelocity: {x: 0, y: 0, z: 0}
  m_XDrive:
    serializedVersion: 3
    positionSpring: 0
    positionDamper: 0
    maximumForce: 3.4028233e+38
  m_YDrive:
    serializedVersion: 3
    positionSpring: 0
    positionDamper: 0
    maximumForce: 3.4028233e+38
  m_ZDrive:
    serializedVersion: 3
    positionSpring: 0
    positionDamper: 0
    maximumForce: 3.4028233e+38
  m_TargetRotation: {x: 0, y: 0, z: 0, w: 1}
  m_TargetAngularVelocity: {x: 0, y: 0, z: 0}
  m_RotationDriveMode: 0
  m_AngularXDrive:
    serializedVersion: 3
    positionSpring: 0
    positionDamper: 0
    maximumForce: 3.4028233e+38
  m_AngularYZDrive:
    serializedVersion: 3
    positionSpring: 0
    positionDamper: 0
    maximumForce: 3.4028233e+38
  m_SlerpDrive:
    serializedVersion: 3
    positionSpring: 0
    positionDamper: 0
    maximumForce: 3.4028233e+38
  m_ProjectionMode: 0
  m_ProjectionDistance: 0.1
  m_ProjectionAngle: 180
  m_ConfiguredInWorldSpace: 0
  m_SwapBodies: 0
  m_BreakForce: Infinity
  m_BreakTorque: Infinity
  m_EnableCollision: 0
  m_EnablePreprocessing: 1
  m_MassScale: 1
  m_ConnectedMassScale: 1
